%% Created using Papers on Mon, 21 May 2018.
%% http://papersapp.com/papers/

@article{Smith:1981kb,
author = {Smith, T F and Waterman, M S},
title = {{Identification of common molecular subsequences}},
journal = {Journal of Molecular Biology},
year = {1981},
volume = {147},
number = {1},
pages = {195--197},
annote = {Smith-Waterman}
}